@book{SayamaBook,
	title={Introduction to the modeling and analysis of complex systems},
	author={Sayama, Hiroki},
	publisher={State University of New York at Geneseo: Open SUNY Textbooks, Milne Library},
	year={2015}
}
@inproceedings{robinson2013conceptual,
	title={Conceptual modeling for simulation},
	author={Robinson, Stewart},
	booktitle={Simulation Conference (WSC), 2013 Winter},
	pages={377--388},
	year={2013},
	organization={IEEE}
}
@book{press1996numerical,
	title={Numerical recipes in C},
	author={Press, William H and Teukolsky, Saul A and Vetterling, William T and Flannery, Brian P},
	volume={2},
	year={1996},
	publisher={Cambridge university press}
}
@book{Navidi2008Stats,
	title={Statistics for Engineers and Scientists},
	author={Navidi, William},
	publisher={McGraw-Hill},
	edition={2},
	year={2008}
}
@article{alian2014photoplethysmography,
	title={Photoplethysmography},
	author={Alian, Aymen A and Shelley, Kirk H},
	journal={Best Practice \& Research Clinical Anaesthesiology},
	volume={28},
	number={4},
	pages={395--406},
	year={2014},
	publisher={Elsevier}
}
@article{lee2014track,
	title={TRACK IT: Validity and utility of consumer-based physical activity monitors},
	author={Lee, Jung-Min and Kim, Young-Won and Welk, Gregory J},
	journal={ACSM's Health \& Fitness Journal},
	volume={18},
	number={4},
	pages={16--21},
	year={2014},
	publisher={LWW}
}
@inproceedings{parak2014evaluation,
	title={Evaluation of wearable consumer heart rate monitors based on photopletysmography},
	author={Parak, Jakub and Korhonen, Ilkka},
	booktitle={Engineering in Medicine and Biology Society (EMBC), 2014 36th Annual International Conference of the IEEE},
	pages={3670--3673},
	year={2014},
	organization={IEEE}
}
@misc{pai2014Electrocardiogram,
	title = {Electrocardiogram},
	author = {Pai, Rakesh K. and Philippides, George},
	year = {2014},
	howpublished = {\url{http://www.webmd.com/heart-disease/electrocardiogram}},
	note = {Accessed: 2016-04-10}
}
@inproceedings{yang2002simulating,
	title={Simulating healthy human heart rate: a Markovian model},
	author={Yang, CC and Chang, CH and Hseu, SS and Yien, HW},
	booktitle={Computers in Cardiology, 2002},
	pages={229--232},
	year={2002},
	organization={IEEE}
}
@article{mcsharry2003dynamical,
	title={A dynamical model for generating synthetic electrocardiogram signals},
	author={McSharry, Patrick E and Clifford, Gari D and Tarassenko, Lionel and Smith, Leonard A},
	journal={Biomedical Engineering, IEEE Transactions on},
	volume={50},
	number={3},
	pages={289--294},
	year={2003},
	publisher={IEEE}
}
@inproceedings{smith2002heart,
	title={Heart rate variability characteristics required for simulation of interval sequences},
	author={Smith, FE and Bowers, EJ and Langley, P and Allen, J and Murray, A},
	booktitle={Computers in Cardiology, 2002},
	pages={237--240},
	year={2002},
	organization={IEEE}
}
@article{ackora2013artificial,
	title={An Artificial ECG Signal Generating Function in MATLAB(TM)},
	author={Ackora-Prah, Joseph and Aidoo, Anthony Y and Gyamf, Kwasi Baah},
	journal={Applied Mathematical Sciences},
	volume={7},
	number={54},
	pages={2675--2686},
	year={2013}
}
@misc{blanke2003staroswiecki,
	title={Staroswiecki, Diagnosis and Fault-Tolerant Control},
	author={Blanke, M and Kinnaert, Mj and Lunze, J},
	year={2003},
	publisher={Springer-Verlag Berlin Heidelberg}
}
@article{su2010dynamic,
	title={Dynamic modelling of heart rate response under different exercise intensity},
	author={Su, Steven W and Chen, Weidong and Liu, Dongdong and Fang, Yi and Kuang, Weijun and Yu, Xiaoxiang and Guo, Tian and Celler, Branko G and Nguyen, Hung T},
	journal={The open medical informatics journal},
	volume={4},
	number={1},
	year={2010}
}
@article{su2007identification,
	title={Identification and control for heart rate regulation during treadmill exercise},
	author={Su, Steven W and Wang, Lu and Celler, Branko G and Savkin, Andrey V and Guo, Ying},
	journal={Biomedical Engineering, IEEE Transactions on},
	volume={54},
	number={7},
	pages={1238--1246},
	year={2007},
	publisher={IEEE}
}
@article{paradiso2013experimental,
	title={Experimental heart rate regulation in cycle-ergometer exercises},
	author={Paradiso, Michele and Pietrosanti, Stefano and Scalzi, Stefano and Tomei, Patrizio and Verrelli, Cristiano Maria},
	journal={Biomedical Engineering, IEEE Transactions on},
	volume={60},
	number={1},
	pages={135--139},
	year={2013},
	publisher={IEEE}
}
@inproceedings{hotehama2003simulation,
	title={Simulation of living behavior: a cardiovascular model for predicting blood pressure and heart rate},
	author={Hotehama, Masaru and Lindsay, Sean T and Takemori, Toshikazu},
	booktitle={SICE 2003 Annual Conference (IEEE Cat. No. 03TH8734)},
	year={2003}
}
@article{balady1995exercise,
	title={Exercise standards. A statement for healthcare professionals from the American Heart Association. Writing Group},
	author={Balady, G and Frowlicher, VF and Hartley, LH and Haskell, WL and Pollock, ML},
	journal={Circulation},
	volume={91},
	number={2},
	pages={580--615},
	year={1995}
}
@article{stringer1997cardiac,
	title={Cardiac output estimated noninvasively from oxygen uptake during exercise},
	author={Stringer, William W and Hansen, James E and Wasserman, K},
	journal={Journal of Applied Physiology},
	volume={82},
	number={3},
	pages={908--912},
	year={1997},
	publisher={Am Physiological Soc}
}
@article{ainsworth2000compendium,
	title={Compendium of physical activities: an update of activity codes and MET intensities},
	author={Ainsworth, Barbara E and Haskell, William L and Whitt, Melicia C and Irwin, Melinda L and Swartz, Ann M and Strath, Scott J and O Brien, WILLIAM L and Bassett, David R and Schmitz, Kathryn H and Emplaincourt, Patricia O and others},
	journal={Medicine and science in sports and exercise},
	volume={32},
	number={9; SUPP/1},
	pages={S498--S504},
	year={2000},
	publisher={WILLIAMS \& WILKINS}
}
@article{koga1996pulmonary,
	title={Pulmonary oxygen uptake kinetics in nonsteady state.},
	author={Koga, Shunsaku and Shiojiri, Tomoyuki and Fukuba, Yoshiyuki and Fukuoka, Yoshiyuki and Kondo, Narihiko},
	journal={Applied Human Science},
	volume={15},
	number={1},
	pages={1--4},
	year={1996},
	publisher={日本生理人類学会}
}
@article{carter2000effect,
	title={Effect of endurance training on oxygen uptake kinetics during treadmill running},
	author={Carter, Helen and Jones, Andrew M and Barstow, Thomas J and Burnley, Mark and Williams, Craig and Doust, Jonathan H},
	journal={Journal of Applied Physiology},
	volume={89},
	number={5},
	pages={1744--1752},
	year={2000},
	publisher={Am Physiological Soc}
}

@article{boulakia2010mathematical,
	title={Mathematical modeling of electrocardiograms: a numerical study},
	author={Boulakia, Muriel and Cazeau, Serge and Fern{\'a}ndez, Miguel A and Gerbeau, Jean-Fr{\'e}d{\'e}ric and Zemzemi, Nejib},
	journal={Annals of biomedical engineering},
	volume={38},
	number={3},
	pages={1071--1097},
	year={2010},
	publisher={Springer}
}
@inproceedings{almasi2011dynamical,
	title={A dynamical model for generating synthetic phonocardiogram signals},
	author={Almasi, Ali and Shamsollahi, Mohammad B and Senhadji, Lotfi},
	booktitle={Engineering in Medicine and Biology Society, EMBC, 2011 Annual International Conference of the IEEE},
	pages={5686--5689},
	year={2011},
	organization={IEEE}
}
@article{sameni2010review,
	title={A review of fetal ECG signal processing; issues and promising directions},
	author={Sameni, Reza and Clifford, Gari D},
	journal={The open pacing, electrophysiology \& therapy journal},
	volume={3},
	pages={4},
	year={2010},
	publisher={NIH Public Access}
}
@article{wilson2011effect,
	title={Effect of thermal stress on cardiac function},
	author={Wilson, Thad E and Crandall, Craig G},
	journal={Exercise and sport sciences reviews},
	volume={39},
	number={1},
	pages={12},
	year={2011},
	publisher={NIH Public Access}
}
@book{united1996physical,
	title={Physical activity and health: a report of the Surgeon General},
	author={{United States. Department of Health}},
	year={1996},
	publisher={diane Publishing}
}
@misc{mayo2014exercise,
	author = {{Mayo Clinic}},
	title = {Exercise intensity: How to measure it},
	month = feb,
	year = {2014},
	howpublished={\url{http://www.mayoclinic.org/healthy-lifestyle/fitness/in-depth/exercise-intensity/art-20046887?pg=2}}
}
@misc{klabunde1015regulation,
	author = {Richard E. Klabunde},
	title = {Regulation of Stroke Volume},
	month = jul,
	year = {2015},
	howpublished={\url{http://www.cvphysiology.com/Cardiac%20Function/CF002.htm}}
}
