@book{SayamaBook,
	title={Introduction to the modeling and analysis of complex systems},
	author={Sayama, Hiroki},
	publisher={State University of New York at Geneseo: Open SUNY Textbooks, Milne Library},
	year={2015}
}
@article{blue2001cellular,
	title={Cellular automata microsimulation for modeling bi-directional pedestrian walkways},
	author={Blue, Victor J and Adler, Jeffrey L},
	journal={Transportation Research Part B: Methodological},
	volume={35},
	number={3},
	pages={293--312},
	year={2001},
	publisher={Elsevier}
}
@article{ji2013simulation,
	title={Simulation of evacuation characteristics using a 2-dimensional cellular automata model 
	for pedestrian dynamics},
	author={Ji, Liqiang and Qian, Yongsheng and Zeng, Junwei and Wang, Min and Xu, Dejie and Yan, 
	Yan and Feng, Shuo},
	journal={Journal of Applied Mathematics},
	volume={2013},
	year={2013},
	publisher={Hindawi Publishing Corporation}
}
@article{burstedde2001simulation,
  title={Simulation of pedestrian dynamics using a two-dimensional cellular automaton},
  author={Burstedde, Carsten and Klauck, Kai and Schadschneider, Andreas and Zittartz, Johannes},
  journal={Physica A: Statistical Mechanics and its Applications},
  volume={295},
  number={3},
  pages={507--525},
  year={2001},
  publisher={Elsevier}
}
@article{kirchner2003simulation,
	title={Simulation of competitive egress behavior: comparison with aircraft evacuation data},
	author={Kirchner, Ansgar and Kl{\"u}pfel, Hubert and Nishinari, Katsuhiro and Schadschneider, 
	Andreas and Schreckenberg, Michael},
	journal={Physica A: Statistical Mechanics and its Applications},
	volume={324},
	number={3},
	pages={689--697},
	year={2003},
	publisher={Elsevier}
}
@article{varas2007cellular,
	title={Cellular automaton model for evacuation process with obstacles},
	author={Varas, A and Cornejo, MD and Mainemer, D and Toledo, B and Rogan, Jos{\'e} and Munoz, V 
	and Valdivia, JA},
	journal={Physica A: Statistical Mechanics and its Applications},
	volume={382},
	number={2},
	pages={631--642},
	year={2007},
	publisher={Elsevier}
}
@inproceedings{jolly2008pedestrain,
	author = {Jolly, Alan and Oleson II, Rex and Kaup, D.J.},
	title = {PEDESTRAIN CELLULAR AUTOMATA AND INDUSTRIAL PROCESS SIMULATION},
	booktitle = {Proceedings of the 20th European Modeling and Simulation Symposium},
	series = {EMSS 2008},
	year = {2008},
	location = {Amantea, Italy}
}
@inproceedings{robinson2013conceptual,
	title={Conceptual modeling for simulation},
	author={Robinson, Stewart},
	booktitle={Simulation Conference (WSC), 2013 Winter},
	pages={377--388},
	year={2013},
	organization={IEEE}
}
@article{young1999evaluation,
	title={Evaluation of pedestrian walking speeds in airport terminals},
	author={Young, Seth},
	journal={Transportation Research Record: Journal of the Transportation Research Board},
	number={1674},
	pages={20--26},
	year={1999},
	publisher={Transportation Research Board of the National Academies}
}
@misc{Dodd:Misc,
	title = {Bobby Dodd Stadium},
	howpublished={\url{http://www.ramblinwreck.com/genrel/071001aaa.html}}
}
@book{press1996numerical,
	title={Numerical recipes in C},
	author={Press, William H and Teukolsky, Saul A and Vetterling, William T and Flannery, Brian P},
	volume={2},
	year={1996},
	publisher={Cambridge university press}
}
@book{Navidi2008Stats,
	title={Statistics for Engineers and Scientists},
	author={Navidi, William},
	publisher={McGraw-Hill},
	edition={2},
	year={2008}
}
